<record xmlns="http://www.loc.gov/MARC21/slim" xmlns:xsi="http://www.w3.org/2001/XMLSchema-instance" xsi:schemaLocation="http://www.loc.gov/MARC21/slim http://www.loc.gov/standards/marcxml/schema/MARC21slim.xsd"><leader>     nam a22        4500</leader><controlfield tag="001">4891215</controlfield><controlfield tag="003">NNC</controlfield><controlfield tag="006">m        d        </controlfield><controlfield tag="007">cr cn |||m|||a</controlfield><controlfield tag="008">150602s1885    le      o     000 0 ara d</controlfield><datafield ind1=" " ind2=" " tag="040"><subfield code="a">NNU</subfield><subfield code="b">eng</subfield><subfield code="e">rda</subfield><subfield code="c">NNU</subfield></datafield><datafield ind1="0" ind2="0" tag="245"><subfield code="6">880-01</subfield><subfield code="a">Kita&#772;b ta&#699;li&#772;m al-Qira&#700;ah.</subfield></datafield><datafield ind1=" " ind2=" " tag="260"><subfield code="a">Beirut,</subfield><subfield code="c">[1855]</subfield></datafield><datafield ind1=" " ind2=" " tag="300"><subfield code="a">online resource (216 pages)</subfield></datafield><datafield ind1=" " ind2=" " tag="336"><subfield code="a">text</subfield><subfield code="2">rdacontent</subfield></datafield><datafield ind1=" " ind2=" " tag="337"><subfield code="a">computer</subfield><subfield code="2">rdamedia</subfield></datafield><datafield ind1=" " ind2=" " tag="338"><subfield code="a">online resource</subfield><subfield code="2">rdacarrier</subfield></datafield><datafield ind1=" " ind2=" " tag="500"><subfield code="a">Imprint on last page.</subfield></datafield><datafield ind1=" " ind2=" " tag="500"><subfield code="a">A first reading book for children, for use in the Protestant schools in Syria.</subfield></datafield><datafield ind1=" " ind2=" " tag="500"><subfield code="a">Part of the Arabic Collections Online (ACO) project, contributed by Columbia University Libraries.</subfield></datafield><datafield ind1=" " ind2=" " tag="533"><subfield code="a">Electronic reproduction.</subfield><subfield code="b">New York, N.Y. :</subfield><subfield code="c">New York University,</subfield><subfield code="d">2015.</subfield><subfield code="5">NNU</subfield></datafield><datafield ind1="2" ind2=" " tag="710"><subfield code="a">Columbia University.</subfield><subfield code="b">Libraries.</subfield></datafield><datafield ind1="0" ind2=" " tag="730"><subfield code="a">Arabic Collections Online.</subfield></datafield><datafield ind1="0" ind2="8" tag="776"><subfield code="i">Online version:</subfield><subfield code="t">Kita&#772;b ta&#699;li&#772;m al-kira&#772;&#699;at .</subfield><subfield code="d">Beirut, [1855]</subfield><subfield code="w">(OCoLC)653642102</subfield></datafield><datafield ind1="0" ind2="8" tag="776"><subfield code="i">Print version:</subfield><subfield code="t">Kita&#772;b ta&#699;li&#772;m al-Qira&#700;ah</subfield><subfield code="w">(NNC)4891215</subfield><subfield code="w">(OCoLC)56933745</subfield></datafield><datafield ind1="4" ind2="0" tag="856"><subfield code="u">http://hdl.handle.net/2333.1/w6m9086h</subfield></datafield><datafield ind1="0" ind2="0" tag="880"><subfield code="6">245-01</subfield><subfield code="a">&#1603;&#1578;&#1575;&#1576; &#1578;&#1593;&#1604;&#1610;&#1605; &#1575;&#1604;&#1602;&#1585;&#1571;&#1577;.</subfield></datafield><datafield ind1=" " ind2=" " tag="959"><subfield code="a">NNU</subfield><subfield code="b">WEB</subfield><subfield code="c">GENI</subfield><subfield code="t">0</subfield><subfield code="m">Electronic access</subfield><subfield code="s">01</subfield></datafield><datafield ind1=" " ind2=" " tag="999"><subfield code="i">NNC_4891215</subfield><subfield code="o">(OCoLC)ocm56933745</subfield><subfield code="s">columbia_aco000593</subfield><subfield code="e">(ERROR-880)</subfield><subfield code="s">columbia_aco000593</subfield></datafield></record>